<record><leader>00000cas a22000007a 4500</leader><controlfield tag="001">11350046</controlfield><controlfield tag="008">841105d19471950aluwr ne      0   a0eng d</controlfield><controlfield tag="009">483</controlfield><datafield ind1=" " ind2=" " tag="010"><subfield code="a">sn 85044506 </subfield></datafield><datafield ind1=" " ind2=" " tag="040"><subfield code="a">AAA</subfield><subfield code="b">eng</subfield><subfield code="c">AAA</subfield><subfield code="d">CPN</subfield><subfield code="d">DLC</subfield><subfield code="d">CPN</subfield><subfield code="d">OCL</subfield><subfield code="d">OCLCQ</subfield></datafield><datafield ind1=" " ind2=" " tag="042"><subfield code="a">msc</subfield></datafield><datafield ind1=" " ind2=" " tag="043"><subfield code="a">n-us-al</subfield></datafield><datafield ind1="0" ind2="4" tag="245"><subfield code="a">The Opelika eagle.</subfield></datafield><datafield ind1=" " ind2=" " tag="260"><subfield code="a">Opelika, Ala. :</subfield><subfield code="b">Eagle Pub. Co.,</subfield><subfield code="c">1947-1950.</subfield></datafield><datafield ind1=" " ind2=" " tag="300"><subfield code="a">v. :</subfield><subfield code="b">ill.</subfield></datafield><datafield ind1=" " ind2=" " tag="310"><subfield code="a">Daily (except Mon. &amp; Sat.),</subfield><subfield code="b">&lt;Oct. 11-Nov. 26, 1950&gt;</subfield></datafield><datafield ind1=" " ind2=" " tag="321"><subfield code="a">Weekly,</subfield><subfield code="b">&lt;May 8, 1947-Oct. 4, 1950&gt;</subfield></datafield><datafield ind1="0" ind2=" " tag="362"><subfield code="a">Vol. 1, no. 1 (May 8, 1947)-v. 4, no. 51 (Nov. 26, 1950).</subfield></datafield><datafield ind1=" " ind2=" " tag="500"><subfield code="a">Editors: William G. Jones, &lt;1947-1948&gt;; J. Rawdon Barnes, Jr., &lt;1948-1949&gt;; G.C. Williams, &lt;1949-1950&gt;.</subfield></datafield><datafield ind1=" " ind2=" " tag="752"><subfield code="a">United States</subfield><subfield code="b">Alabama</subfield><subfield code="c">Lee</subfield><subfield code="d">Opelika.</subfield></datafield><datafield ind1="0" ind2="4" tag="785"><subfield code="t">Opelika daily news</subfield><subfield code="w">(DLC)sn 85044845</subfield></datafield></record>